<?xml version="1.0" encoding="UTF-8"?><collection xmlns="http://www.loc.gov/MARC21/slim"><record><leader>00442nam--2200157-i-4500</leader><controlfield tag="001">000016698</controlfield><controlfield tag="002">20161230</controlfield><controlfield tag="005">20170208151327</controlfield><controlfield tag="008">060222s1000------------r-----000-0-eng-d</controlfield><datafield ind1=" " ind2=" " tag="100"><subfield code="a">Ceausu, Tr</subfield></datafield><datafield ind1=" " ind2=" " tag="245"><subfield code="a">Reall interpolation methods and banach function spaces</subfield></datafield><datafield ind1=" " ind2=" " tag="260"><subfield code="a">Timisoara</subfield><subfield code="b">Universitatea Din Timisoara</subfield><subfield code="c">1988</subfield></datafield><datafield ind1=" " ind2=" " tag="300"><subfield code="a">87 p</subfield></datafield><datafield ind1=" " ind2=" " tag="490"><subfield code="a">Monografii Matematics</subfield></datafield><datafield ind1=" " ind2=" " tag="852"><subfield code="a">527.518.85:515.175.2</subfield></datafield><datafield ind1=" " ind2=" " tag="CAT"><subfield code="a">SYS</subfield><subfield code="c">20170208</subfield><subfield code="h">151327</subfield></datafield></record></collection>